@book{Labov1972,
    Address = {Philadelphia},
    Author = {William Labov},
    Publisher = {University of Pennsylvania Press},
    Title = {Sociolinguistic Patterns},
    Year = {1972}
}

@book{Chomsky1957,
    Address = {The Hague},
    Author = {Noam Chomsky},
    Publisher = {Mouton},
    Title = {Syntactic Structures},
    Year = {1957}
}

@Article{Patriarca, 
	Author = {M. Patriarca, A. Chakraborti, K. Kaski},
	Title = {Gibbs versus non-Gibbs distributions in money dynamics},
	Journal = {Physica A},
	Year = {2004},
	Volume = {340},
	Pages = {334-339}
}	

@Article{Chatterjee, 
	Author = {A. Chatterjee, B.K. Chakrabarti, S.S. Manna},
	Title = {Pareto law in a kinetic model of market with random saving propensity},
	Journal = {blalba},
	Year = {2004},
	Volume = {335},
	Pages = {155-163}
}
	
@Article{Goswami,
	Author = {S. Goswami, P. Sen},
	Title = {Agent based models for wealth distribution with preference in interaction},
	Journal = {Physica A},
	Year = {2014},
	Volume = {415},
	Pages = {514â€“524}
}
